<record><leader>00000cas a22000007a 4500</leader><controlfield tag="001">11898178</controlfield><controlfield tag="008">850409d185u18uunyuwr ne      0    0eng d</controlfield><datafield ind1=" " ind2=" " tag="010"><subfield code="a">sn 85054455 </subfield></datafield><datafield ind1=" " ind2=" " tag="040"><subfield code="a">NYG</subfield><subfield code="b">eng</subfield><subfield code="c">NYG</subfield><subfield code="d">NYS</subfield><subfield code="d">OCL</subfield><subfield code="d">OCLCQ</subfield><subfield code="d">OCLCF</subfield><subfield code="d">OCLCO</subfield></datafield><datafield ind1=" " ind2=" " tag="042"><subfield code="a">msc</subfield></datafield><datafield ind1=" " ind2=" " tag="043"><subfield code="a">n-us-ny</subfield></datafield><datafield ind1="0" ind2="4" tag="245"><subfield code="a">The Whitehall union.</subfield></datafield><datafield ind1=" " ind2=" " tag="260"><subfield code="a">Whitehall, Washington County, N.Y. :</subfield><subfield code="b">A.H. Allen</subfield></datafield><datafield ind1=" " ind2=" " tag="300"><subfield code="a">v. ;</subfield><subfield code="c">55 cm.</subfield></datafield><datafield ind1=" " ind2=" " tag="310"><subfield code="a">Weekly</subfield></datafield><datafield ind1=" " ind2=" " tag="500"><subfield code="a">Published every Saturday.</subfield></datafield><datafield ind1=" " ind2=" " tag="500"><subfield code="a">"Successor to the Democrat."</subfield></datafield><datafield ind1=" " ind2=" " tag="588"><subfield code="a">Description based on: Vol. 1, no. 31 (Oct. 18, 1856).</subfield></datafield><datafield ind1=" " ind2="0" tag="651"><subfield code="a">Whitehall (N.Y.)</subfield><subfield code="v">Newspapers.</subfield></datafield><datafield ind1=" " ind2="7" tag="655"><subfield code="a">Newspapers.</subfield><subfield code="2">fast</subfield><subfield code="0">(OCoLC)fst01423814</subfield></datafield><datafield ind1=" " ind2="7" tag="651"><subfield code="a">New York (State)</subfield><subfield code="z">Whitehall.</subfield><subfield code="2">fast</subfield><subfield code="0">(OCoLC)fst01232615</subfield></datafield><datafield ind1=" " ind2=" " tag="752"><subfield code="a">United States</subfield><subfield code="b">New York</subfield><subfield code="c">Washington</subfield><subfield code="d">Whitehall.</subfield></datafield><datafield ind1="0" ind2="0" tag="780"><subfield code="t">Whitehall Democrat</subfield><subfield code="w">(DLC)sn 85054387</subfield><subfield code="w">(OCoLC)11660998</subfield></datafield></record>